@Book{eco:09,
 author   = {Umberto Eco},
 title    = {Como se Faz uma Tese},
 edition  = {22º},
 publisher= {Perspectiva},
 note     = {Tradução Gilson Cesar Cardoso de Souza},
 year     = {2009},
}

@Book{zobel:04,
 author   = {Justin Zobel},
 title    = {Writing for Computer Science: The art of effective communication},
 publisher= {Springer},
 edition  = {Segunda},
 year     = {2004},
}

@Book{waz:09,
 author   = {Raul S. Wazlawick},
 title    = {Metodologia de Pesquisa em Ciencia da Computação},
 publisher= {Campus},
 edition  = {Primeira},
 year     = {2009},
}

@Book{Higham:98,
 author   = {Nicholas J. Higham},
 title    = {Handbook of Writing for the Mathematical Sciences},
 edition  = {segunda},
 publisher= {SIAM: Society for Industrial and Applied Mathematics},
 month    = Aug,
 year     = {1998},
}

@book{Knuth:96,
 author   = {Donald E. Knuth and Tracy Larrabee and Paul M. Roberts},
 title    = {Mathematical Writing},
 publisher= {The Mathematical Association of America},
 month    = Sep,
 year     = {1996}
}

@InProceedings{alves03:simi,
 author   = {Carlos E. R. Alves and Edson N. Cáceres and Frank Dehne and Siang W. Song},
 title    = {A Parallel Wavefront Algorithm for Efficient Biological Sequence Comparison},
 booktitle= {ICCSA '03: The 2003 International Conference on Computational Science and its Applications},
 year     = {2003},
 pages    = {249-258},
 month    = May,
 publisher= {Springer-Verlag}
}

@Article{MenaChalco08,
 author   = {Jesús P. Mena-Chalco and Helaine Carrer and Yossi Zana and Roberto M. Cesar-Jr.},
 title    = {Identification of protein coding regions using the modified {G}abor-wavelet transform},
 journal  = {IEEE/ACM Transactions on Computational Biology and Bioinformatics},
 volume   = {5},
 pages    = {198-207},
 year     = {2008},
}

@Techreport{alvisi99:analysisCIC,
 author   = {Lorenzo Alvisi and Elmootazbellah Elnozahy and Sriram S. Rao and Syed A. Husain and Asanka Del Mel},
 title    = {An Analysis of Comunication-Induced Checkpointing},
 institution= {Department of Computer Science, University of Texas at Austin},
 year     = {1999},
 number   = {TR-99-01},
 address  = {Austin, {USA}}
}

@Misc{gridftp,
 author   = {William Allcock},
 title    = {{GridFTP} protocol specification. {Global Grid Forum} Recommendation ({GFD}.20)},
 year     = {2003}
}

@Book{JW82,
 author   = {Richard A. Johnson and Dean W. Wichern},
 title    = {Applied Multivariate Statistical Analysis},
 publisher= {Prentice-Hall},
 year     = {1983}
}

@Manual{CORBA:spec,
 title    = {{CORBA v3.0 Specification}},
 author   = {{Object Management Group}},
 month    = Jul,
 year     = {2002},
 note     = {{OMG Document 02-06-33}}
}

@PhdThesis{garcia01:PhD,
 author   = {Islene C. Garcia},
 title    = {Visões Progressivas de Computações Distribuídas},
 school   = {Instituto de Computação, Universidade de Campinas, Brasil},
 year     = {2001},
 month    = {Dezembro}
}

@Conference{bronevetsky02,
 author   = {Greg Bronevetsky and Daniel Marques and Keshav Pingali and Paul Stodghill},
 title    = {Automated application-level checkpointing of {MPI} programs},
 booktitle= {PPoPP '03: Proceedings of the 9th ACM SIGPLAN Symposium on Principles and Practice of Parallel Programming},
 year     = {2003},
 pages    = {84-89}
}

@InCollection{bobaoglu93:concepts,
 author   = {Ozalp Babaoglu and Keith Marzullo},
 title    = {Consistent Global States of Distributed Systems: Fundamental Concepts and Mechanisms},
 editor   = {Sape Mullender},
 booktitle= {Distributed Systems},
 edition  = {segunda},
 year     = {1993},
 pages    = {55-96}
}

@MastersThesis{schmidt03:MSc,
 author   = {Rodrigo M. Schmidt},
 title    = {Coleta de Lixo para Protocolos de \emph{Checkpointing}},
 school   = {Instituto de Computação, Universidade de Campinas, Brasil},
 year     = {2003},
 month    = Oct
}

@Misc{fowler04:designDead,
 author   = {Martin Fowler},
 title    = {Is Design Dead?},
 year     = {2004},
 month    = May,
 note     = {Último acesso em 30/1/2010},
 howpublished= {\url{http://martinfowler.com/articles/designDead.html}},
}

@Misc{FSF:GNU-GPL,
 author   = {Free Software Foundation},
 title    = {{GNU} general public license},
 note     = {Último acesso em 30/1/2010},
 howpublished= {\url{http://www.gnu.org/copyleft/gpl.html}},
}

@article{alon09:how,
 author   = {Uri Alon},
 title    = {{How To Choose a Good Scientific Problem}},
 journal  = {Molecular Cell},
 year     = {2009},
 volume   = {35},
 number   = {6},
 pages    = {726--728},
 publisher= {Cell Press},
 month    = sep,
 doi      = {10.1016/j.molcel.2009.09.013},
}

@book{tufte01:visualDisplay,
 author   = {Edward Tufte},
 title    = {The Visual Display of Quantitative Information},
 year     = {2001},
 edition  = {2nd},
 publisher= {Graphics Pr},
 month    = may,
}

@article{landi_undecidability_1992,
  title = {Undecidability of static analysis},
  volume = {1},
  issn = {1057-4514},
  url = {http://dl.acm.org/citation.cfm?id=161494.161501},
  doi = {10.1145/161494.161501},
  number = {4},
  urldate = {2017-01-05},
  journal = {ACM Letters on Programming Languages and Systems (LOPLAS)},
  author = {Landi, William},
  month = dec,
  year = {1992},
  pages = {323--337},
}

@techreport{black_sate_2016,
	title = {{SATE} {V} {Ockham} {Sound} {Analysis} {Criteria}},
	url = {http://nvlpubs.nist.gov/nistpubs/ir/2016/NIST.IR.8113.pdf},
  note = "Data available at http://dx.doi.org/10.18434/T4WC7V",
	number = {NIST IR 8113},
	urldate = {2017-01-16},
	institution = {National Institute of Standards and Technology},
	author = {Black, Paul E. and Ribeiro, Athos},
	month = mar,
	year = {2016}
}

@TechReport{rfc4180,
  AUTHOR = "Y. Shafranovich",
  TITLE = "{Common Format and MIME Type for Comma-Separated Values (CSV) Files}",
  TYPE = "{RFC}",
  NUMBER = "4180",
  INSTITUTION = "{Internet Engineering Task Force}",
  PUBLISHER = "{RFC Editor}",
  YEAR = 2005,
  MONTH = "October",
  PAGES = "1-8",
  DOI = "{10.17487/RFC4180}",
  HOWPUBLISHED = "{Internet Requests for Comments}",
  URL = "{http://www.rfc-editor.org/rfc/rfc4180.txt}"
}

@article{instruction20034009,
  title={4009,``National Information Assurance Glossary,'' Committee on National Security Systems, May 2003},
  author={Instruction, CNSS},
  journal={Formerly NSTISSI},
  volume={4009},
  year={2003}
}

@article{nasastd8739,
  title={Software Assurance Standard},
  author={NASA, NASA},
  journal={NASA Technical Standard NASA-STD-8739.8, National Aeronautics and Space Administration (NASA), http://standards. nasa. gov},
  month = jul,
  year={2004}
}


@inproceedings{black_counting_2011,
	title = {Counting {Bugs} is {Harder} {Than} {You} {Think}},
	doi = {10.1109/SCAM.2011.24},
	booktitle = {2011 {IEEE} 11th {International} {Working} {Conference} on {Source} {Code} {Analysis} and {Manipulation}},
	author = {Black, P. E.},
	month = sep,
	year = {2011},
	pages = {1--9},
}

@misc{cwe_page,
	title = {{CWE} - {Common} {Weakness} {Enumeration}},
	howpublished = {\url{http://cwe.mitre.org/}},
  note     = {Last accessed on 2017-01-18},
}


@article{evans_improving_2002,
	title = {Improving security using extensible lightweight static analysis},
	volume = {19},
	issn = {0740-7459},
	doi = {10.1109/52.976940},
	number = {1},
	journal = {IEEE Software},
	author = {Evans, D. and Larochelle, D.},
	month = jan,
	year = {2002},
	pages = {42--51},
}


@misc{cve_page,
	title = {{CVE} - {Common} {Vulnerabilities} and {Exposures} ({CVE})},
	howpublished = {\url{https://cve.mitre.org/}},
  note     = {Last accessed on 2017-01-18},
}

@inproceedings{pan_bug_2006,
	title = {Bug {Classification} {Using} {Program} {Slicing} {Metrics}},
	doi = {10.1109/SCAM.2006.6},
	booktitle = {2006 {Sixth} {IEEE} {International} {Workshop} on {Source} {Code} {Analysis} and {Manipulation}},
	author = {Pan, K. and Kim, S. and Jr, E. J. Whitehead},
	month = sep,
	year = {2006},
	pages = {31--42},
}

@inproceedings{penta_evolution_2008,
  title = {The {Evolution} and {Decay} of {Statically} {Detected} {Source} {Code} {Vulnerabilities}},
  doi = {10.1109/SCAM.2008.20},
  booktitle = {2008 {Eighth} {IEEE} {International} {Working} {Conference} on {Source} {Code} {Analysis} and {Manipulation}},
  author = {Penta, M. D. and Cerulo, L. and Aversano, L.},
  month = sep,
  year = {2008},
  pages = {101--110},
}


@inproceedings{spacco_tracking_2006,
	address = {New York, NY, USA},
	series = {{MSR} '06},
	title = {Tracking {Defect} {Warnings} {Across} {Versions}},
	isbn = {978-1-59593-397-3},
	url = {http://doi.acm.org/10.1145/1137983.1138014},
	doi = {10.1145/1137983.1138014},
	urldate = {2017-01-05},
	booktitle = {Proceedings of the 2006 {International} {Workshop} on {Mining} {Software} {Repositories}},
	publisher = {ACM},
	author = {Spacco, Jaime and Hovemeyer, David and Pugh, William},
	year = {2006},
	pages = {133--136},
}
@article{heckman2007adaptively,
  title={Adaptively ranking alerts generated from automated static analysis},
  author={Heckman, Sarah Smith},
  journal={Crossroads},
  volume={14},
  number={1},
  pages={7},
  year={2007},
  publisher={ACM}
}

@inproceedings{muske2013review,
  title={Review efforts reduction by partitioning of static analysis warnings},
  author={Muske, Tukaram B and Baid, Ankit and Sanas, Tushar},
  booktitle={Source Code Analysis and Manipulation (SCAM), 2013 IEEE 13th International Working Conference on},
  pages={106--115},
  year={2013},
  organization={IEEE}
}

@inproceedings{boogerd2006prioritizing,
  title={Prioritizing software inspection results using static profiling},
  author={Boogerd, Cathal and Moonen, Leon},
  booktitle={2006 Sixth IEEE International Workshop on Source Code Analysis and Manipulation},
  pages={149--160},
  year={2006},
  organization={IEEE}
}

@inproceedings{kremenek2003z,
  title={Z-ranking: Using statistical analysis to counter the impact of static analysis approximations},
  author={Kremenek, Ted and Engler, Dawson},
  booktitle={International Static Analysis Symposium},
  pages={295--315},
  year={2003},
  organization={Springer}
}

@inproceedings{ruthruff_predicting_2008,
	address = {New York, NY, USA},
	series = {{ICSE} '08},
	title = {Predicting {Accurate} and {Actionable} {Static} {Analysis} {Warnings}: {An} {Experimental} {Approach}},
	isbn = {978-1-60558-079-1},
	shorttitle = {Predicting {Accurate} and {Actionable} {Static} {Analysis} {Warnings}},
	url = {http://doi.acm.org/10.1145/1368088.1368135},
	doi = {10.1145/1368088.1368135},
	urldate = {2017-01-18},
	booktitle = {Proceedings of the 30th {International} {Conference} on {Software} {Engineering}},
	publisher = {ACM},
	author = {Ruthruff, Joseph R. and Penix, John and Morgenthaler, J. David and Elbaum, Sebastian and Rothermel, Gregg},
	year = {2008},
	pages = {341--350},
}

@inproceedings{kim_which_2007,
	address = {New York, NY, USA},
	series = {{ESEC}-{FSE} '07},
	title = {Which {Warnings} {Should} {I} {Fix} {First}?},
	isbn = {978-1-59593-811-4},
	url = {http://doi.acm.org/10.1145/1287624.1287633},
	doi = {10.1145/1287624.1287633},
	urldate = {2017-01-17},
	booktitle = {Proceedings of the the 6th {Joint} {Meeting} of the {European} {Software} {Engineering} {Conference} and the {ACM} {SIGSOFT} {Symposium} on {The} {Foundations} of {Software} {Engineering}},
	publisher = {ACM},
	author = {Kim, Sunghun and Ernst, Michael D.},
	year = {2007},
	pages = {45--54},
}

@article{hovemeyer_finding_2004,
	title = {Finding {Bugs} is {Easy}},
	volume = {39},
	issn = {0362-1340},
	url = {http://doi.acm.org/10.1145/1052883.1052895},
	doi = {10.1145/1052883.1052895},
	number = {12},
	urldate = {2017-01-17},
	journal = {SIGPLAN Not.},
	author = {Hovemeyer, David and Pugh, William},
	month = dec,
	year = {2004},
	pages = {92--106},
}

@inproceedings{johnson_why_2013,
	title = {Why don't software developers use static analysis tools to find bugs?},
	doi = {10.1109/ICSE.2013.6606613},
	booktitle = {2013 35th {International} {Conference} on {Software} {Engineering} ({ICSE})},
	author = {Johnson, B. and Song, Y. and Murphy-Hill, E. and Bowdidge, R.},
	month = may,
	year = {2013},
	pages = {672--681},
}

@inproceedings{kester2010good,
  title={How good is static analysis at finding concurrency bugs?},
  author={Kester, Devin and Mwebesa, Martin and Bradbury, Jeremy S},
  booktitle={Source Code Analysis and Manipulation (SCAM), 2010 10th IEEE Working Conference on},
  pages={115--124},
  year={2010},
  organization={IEEE}
}

@inproceedings{burd2002evaluating,
  title={Evaluating clone detection tools for use during preventative maintenance},
  author={Burd, Elizabeth and Bailey, John},
  booktitle={Source Code Analysis and Manipulation, 2002. Proceedings. Second IEEE International Workshop on},
  pages={36--43},
  year={2002},
  organization={IEEE}
}

@article{black2009static,
  title={Static analyzers in software engineering},
  author={Black, Paul E},
  journal={The Journal of Defense Software Engineering},
  volume={22},
  number={3},
  pages={16--17},
  year={2009}
}

@article{liu2009learning,
  title={Learning to rank for information retrieval},
  author={Liu, Tie-Yan and others},
  journal={Foundations and Trends{\textregistered} in Information Retrieval},
  volume={3},
  number={3},
  pages={225--331},
  year={2009},
  publisher={Now Publishers, Inc.}
}

@inproceedings{muske2016survey,
  title={Survey of approaches for handling static analysis alarms},
  author={Muske, Tukaram and Serebrenik, Alexander},
  booktitle={Source Code Analysis and Manipulation (SCAM), 2016 IEEE 16th International Working Conference on},
  pages={157--166},
  year={2016},
  organization={IEEE}
}

@ARTICLE{juliet,
author={T. Boland and P. E. Black},
journal={Computer},
title={Juliet 1.1 C/C++ and Java Test Suite},
year={2012},
volume={45},
number={10},
pages={88-90},
keywords={C++ language;Java;program diagnostics;software tools;Java Test Suite;Juliet 1.1 C/C++;Juliet Test Suite 1.1;software-assurance tool;static analyzer;Computer security;Java;Software testing;Testing;Juliet Test Suite 1.1;security;software testing},
doi={10.1109/MC.2012.345},
ISSN={0018-9162},
month={Oct},}

@inproceedings{heckman2009model,
  title={A model building process for identifying actionable static analysis alerts},
  author={Heckman, Sarah and Williams, Laurie},
  booktitle={Software Testing Verification and Validation, 2009. ICST'09. International Conference on},
  pages={161--170},
  year={2009},
  organization={IEEE}
}

@inproceedings{yoon2014reducing,
  title={Reducing false alarms from an industrial-strength static analyzer by SVM},
  author={Yoon, Jongwon and Jin, Minsik and Jung, Yungbum},
  booktitle={Software Engineering Conference (APSEC), 2014 21st Asia-Pacific},
  volume={2},
  pages={3--6},
  year={2014},
  organization={IEEE}
}

@INPROCEEDINGS{yuksel2013classification,
author={U. Yüksel and H. Sözer},
booktitle={2013 IEEE International Conference on Software Maintenance},
title={Automated Classification of Static Code Analysis Alerts: A Case Study},
year={2013},
volume={},
number={},
pages={532-535},
keywords={learning (artificial intelligence);pattern classification;program diagnostics;software reliability;artifact characteristics;automated classification;digital TV software;machine learning techniques;potential software faults;static code analysis alerts;static code analysis tools;Accuracy;Benchmark testing;History;Inspection;Machine learning algorithms;Middleware;alert classification;industrial case study;static code analysis},
doi={10.1109/ICSM.2013.89},
ISSN={1063-6773},
month={Sept},}

@book{aima,
 author = {Russell, Stuart J. and Norvig, Peter},
 title = {Artificial Intelligence: A Modern Approach},
 year = {2003},
 isbn = {0137903952},
 edition = {2},
 publisher = {Pearson Education},
}

@article{freund1999short,
  title={A short introduction to boosting},
  author={Freund, Yoav and Schapire, Robert and Abe, Naoki},
  journal={Journal-Japanese Society For Artificial Intelligence},
  volume={14},
  number={771-780},
  pages={1612},
  year={1999},
  publisher={JAPANESE SOC ARTIFICIAL INTELL}
}

@article{freund2003efficient,
  title={An efficient boosting algorithm for combining preferences},
  author={Freund, Yoav and Iyer, Raj and Schapire, Robert E and Singer, Yoram},
  journal={Journal of machine learning research},
  volume={4},
  number={Nov},
  pages={933--969},
  year={2003}
}

@inproceedings{drucker1996boosting,
  title={Boosting decision trees},
  author={Drucker, Harris and Cortes, Corinna},
  booktitle={Advances in neural information processing systems},
  pages={479--485},
  year={1996}
}

@inproceedings{buckers2017uav,
  title={UAV: Warnings from multiple Automated Static Analysis Tools at a glance},
  author={Buckers, Tim and Cao, Clinton and Doesburg, Michiel and Gong, Boning and Wang, Sunwei and Beller, Moritz and Zaidman, Andy},
  booktitle={Software Analysis, Evolution and Reengineering (SANER), 2017 IEEE 24th International Conference on},
  pages={472--476},
  year={2017},
  organization={IEEE}
}

@inproceedings{heinemann2014teamscale,
  title={Teamscale: Software quality control in real-time},
  author={Heinemann, Lars and Hummel, Benjamin and Steidl, Daniela},
  booktitle={Companion Proceedings of the 36th International Conference on Software Engineering},
  pages={592--595},
  year={2014},
  organization={ACM}
}

@inproceedings{weber2001case,
  title={A case study in detecting software security vulnerabilities using constraint optimization},
  author={Weber, Michael and Shah, Viren and Ren, Chris},
  booktitle={Source Code Analysis and Manipulation, 2001. Proceedings. First IEEE International Workshop on},
  pages={1--11},
  year={2001},
  organization={IEEE}
}
@inproceedings{binkley2006characterising,
  title={Characterising, explaining, and exploiting the approximate nature of static analysis through animation},
  author={Binkley, David and Harman, Mark and Krinke, Jens},
  booktitle={Source Code Analysis and Manipulation, 2006. SCAM'06. Sixth IEEE International Workshop on},
  pages={43--52},
  year={2006},
  organization={IEEE}
}

@inproceedings{canet2009value,
  title={A value analysis for C programs},
  author={Canet, G{\'e}raud and Cuoq, Pascal and Monate, Benjamin},
  booktitle={Source Code Analysis and Manipulation, 2009. SCAM'09. Ninth IEEE International Working Conference on},
  pages={123--124},
  year={2009},
  organization={IEEE}
}

@inproceedings{xie2012cooperative,
  title={Cooperative testing and analysis: Human-tool, tool-tool and human-human cooperations to get work done},
  author={Xie, Tao},
  booktitle={Source Code Analysis and Manipulation (SCAM), 2012 IEEE 12th International Working Conference on},
  pages={1--3},
  year={2012},
  organization={IEEE}
}

@article{huuck2013ptrtracker,
  title={PtrTracker: Pragmatic pointer analysis},
  author={Huuck, Ralf and Cassez, Franck and Olesen, Mads and Biallas, Sebastian},
  year={2013}
}

@inproceedings{shi2005static,
  title={Static analysis for computing escapability and mutability for Java components},
  author={Shi, Aiwu and Naumovich, Gleb},
  booktitle={Source Code Analysis and Manipulation, 2005. Fifth IEEE International Workshop on},
  pages={119--128},
  year={2005},
  organization={IEEE}
}

@inproceedings{harman2010source,
  title={Why source code analysis and manipulation will always be important},
  author={Harman, Mark},
  booktitle={Source Code Analysis and Manipulation (SCAM), 2010 10th IEEE Working Conference on},
  pages={7--19},
  year={2010},
  organization={IEEE}
}

@inproceedings{cifuentes2008parfait,
  title={Parfait-A scalable bug checker for C code},
  author={Cifuentes, Cristina},
  booktitle={Source Code Analysis and Manipulation, 2008 Eighth IEEE International Working Conference on},
  pages={263--264},
  year={2008},
  organization={IEEE}
}

@inproceedings{renatus2015improving,
  title={Improving prioritization of software weaknesses using security models with AVUS},
  author={Renatus, Stephan and Bartelheimer, Corrie and Eichler, J{\"o}rn},
  booktitle={Source Code Analysis and Manipulation (SCAM), 2015 IEEE 15th International Working Conference on},
  pages={259--264},
  year={2015},
  organization={IEEE}
}

@inproceedings{sliwerski2005changes,
  title={When do changes induce fixes?},
  author={{\'S}liwerski, Jacek and Zimmermann, Thomas and Zeller, Andreas},
  booktitle={ACM sigsoft software engineering notes},
  volume={30},
  number={4},
  pages={1--5},
  year={2005},
  organization={ACM}
}

@inproceedings{li2004empirical,
  title={Empirical evaluation of defect projection models for widely-deployed production software systems},
  author={Li, Paul Luo and Shaw, Mary and Herbsleb, Jim and Ray, Bonnie and Santhanam, Peter},
  booktitle={ACM SIGSOFT Software Engineering Notes},
  volume={29},
  number={6},
  pages={263--272},
  year={2004},
  organization={ACM}
}

@inproceedings{nagappan2005static,
  title={Static analysis tools as early indicators of pre-release defect density},
  author={Nagappan, Nachiappan and Ball, Thomas},
  booktitle={Proceedings of the 27th international conference on Software engineering},
  pages={580--586},
  year={2005},
  organization={ACM}
}

@inproceedings{beller2016analyzing,
  title={Analyzing the state of static analysis: A large-scale evaluation in open source software},
  author={Beller, Moritz and Bholanath, Radjino and McIntosh, Shane and Zaidman, Andy},
  booktitle={Software Analysis, Evolution, and Reengineering (SANER), 2016 IEEE 23rd International Conference on},
  volume={1},
  pages={470--481},
  year={2016},
  organization={IEEE}
}

@inproceedings{kremenek2004correlation,
  title={Correlation exploitation in error ranking},
  author={Kremenek, Ted and Ashcraft, Ken and Yang, Junfeng and Engler, Dawson},
  booktitle={ACM SIGSOFT Software Engineering Notes},
  volume={29},
  number={6},
  pages={83--93},
  year={2004},
  organization={ACM}
}

@inproceedings{jung2005taming,
  title={Taming false alarms from a domain-unaware C analyzer by a bayesian statistical post analysis},
  author={Jung, Yungbum and Kim, Jaehwang and Shin, Jaeho and Yi, Kwangkeun},
  booktitle={International Static Analysis Symposium},
  pages={203--217},
  year={2005},
  organization={Springer}
}

@inproceedings{kong2007isa,
  title={ISA: a source code static vulnerability detection system based on data fusion},
  author={Kong, Deguang and Zheng, Quan and Chen, Chao and Shuai, Jianmei and Zhu, Ming},
  booktitle={Proceedings of the 2nd international conference on Scalable information systems},
  pages={55},
  year={2007},
  organization={ICST (Institute for Computer Sciences, Social-Informatics and Telecommunications Engineering)}
}

@inproceedings{meng2008approach,
  title={An approach to merge results of multiple static analysis tools (short paper)},
  author={Meng, Na and Wang, Qianxiang and Wu, Qian and Mei, Hong},
  booktitle={Quality Software, 2008. QSIC'08. The Eighth International Conference on},
  pages={169--174},
  year={2008},
  organization={IEEE}
}

@article{okun2013report,
  title={Report on the static analysis tool exposition (sate) iv},
  author={Okun, Vadim and Delaitre, Aurelien and Black, Paul E},
  journal={NIST Special Publication},
  volume={500},
  pages={297},
  year={2013}
}


@inproceedings{xypolytos2017framework,
  title={A Framework for Combining and Ranking Static Analysis Tool Findings Based on Tool Performance Statistics},
  author={Xypolytos, Achilleas and Xu, Haiyun and Vieira, Barbara and Ali-Eldin, Amr MT},
  booktitle={Software Quality, Reliability and Security Companion (QRS-C), 2017 IEEE International Conference on},
  pages={595--596},
  year={2017},
  organization={IEEE}
}
